@misc{MASCDB_dataset_2023,
  author       = {Grazioli, Jacopo and
                  Ghiggi, Gionata and
                  Berne, Alexis},
  title        = {{MASCDB, a database of images, descriptors and 
                   microphysical properties of individual snowflakes
                   in free fall}},
  month        = jul,
  year         = 2023,
  publisher    = {Zenodo},
  version      = {1.1},
  doi          = {10.5281/zenodo.8083133},
  url          = {https://doi.org/10.5281/zenodo.8083133},
  type         = {dataset}
}